@book{exam70515,
	title="Exam 70-515: Web Applications Development with Microsoft .NET Framework 4",
	author="Tony Northrup, Mike Snell.",
	edition="1",
	year="2010",
	publisher="Microsoft Press"
}

@book{headc,
	title="Head First C",
	author="Andrew Stellman, Jennifer Greene.",
	edition="3",
	year="2013",
	publisher="O'Reilly"
}

